@article {BBBV97,
    AUTHOR = {Bennett, Charles H. and Bernstein, Ethan and Brassard, Gilles
              and Vazirani, Umesh},
     TITLE = {Strengths and weaknesses of quantum computing},
   JOURNAL = {SIAM J. Comput.},
  FJOURNAL = {SIAM Journal on Computing},
    VOLUME = {26},
      YEAR = {1997},
    NUMBER = {5},
     PAGES = {1510--1523},
      ISSN = {0097-5397},
   MRCLASS = {68Q05 (03D10 03D15 68Q15 81P99)},
  MRNUMBER = {1471991},
MRREVIEWER = {Robert M. Baer},
       DOI = {10.1137/S0097539796300933},
       URL = {https://doi.org/10.1137/S0097539796300933},
}
@article {ADH97,
    AUTHOR = {Adleman, Leonard M. and Demarrais, Jonathan and Huang,
              Ming-Deh A.},
     TITLE = {Quantum computability},
   JOURNAL = {SIAM J. Comput.},
  FJOURNAL = {SIAM Journal on Computing},
    VOLUME = {26},
      YEAR = {1997},
    NUMBER = {5},
     PAGES = {1524--1540},
      ISSN = {0097-5397},
   MRCLASS = {68Q05 (03D10 03D15 68Q15 81P99)},
  MRNUMBER = {1471992},
MRREVIEWER = {Robert M. Baer},
       DOI = {10.1137/S0097539795293639},
       URL = {https://doi.org/10.1137/S0097539795293639},
}
@article {FSS84,
    AUTHOR = {Furst, Merrick and Saxe, James B. and Sipser, Michael},
     TITLE = {Parity, circuits, and the polynomial-time hierarchy},
   JOURNAL = {Math. Systems Theory},
  FJOURNAL = {Mathematical Systems Theory. An International Journal on
              Mathematical Computing Theory},
    VOLUME = {17},
      YEAR = {1984},
    NUMBER = {1},
     PAGES = {13--27},
      ISSN = {0025-5661},
   MRCLASS = {68Q25 (94C15)},
  MRNUMBER = {738749},
MRREVIEWER = {Claus-Peter Schnorr},
       DOI = {10.1007/BF01744431},
       URL = {https://doi.org/10.1007/BF01744431},
}
@article {Aar05,
    AUTHOR = {Aaronson, Scott},
     TITLE = {Quantum computing, postselection, and probabilistic
              polynomial-time},
   JOURNAL = {Proc. R. Soc. Lond. Ser. A Math. Phys. Eng. Sci.},
  FJOURNAL = {Proceedings of The Royal Society of London. Series A.
              Mathematical, Physical and Engineering Sciences},
    VOLUME = {461},
      YEAR = {2005},
    NUMBER = {2063},
     PAGES = {3473--3482},
      ISSN = {1364-5021},
   MRCLASS = {81P68 (68Q05 68Q15)},
  MRNUMBER = {2171273},
MRREVIEWER = {Leong-Chuan Kwek},
       DOI = {10.1098/rspa.2005.1546},
       URL = {https://doi.org/10.1098/rspa.2005.1546},
}
